@inproceedings{MCG,
	author = {Arbel\'{a}ez, P. and Pont-Tuset, J. and Barron, J. and Marques, F. and Malik, J.},
	title = {Multiscale Combinatorial Grouping},
	booktitle = {CVPR},
	year = {2014}
}

@inproceedings{bing,
	author    = {Mingming Cheng and Ziming Zhang and Wenyan Lin and Philip H. S. Torr},
	title     = {{BING:} Binarized Normed Gradients for Objectness Estimation at 300fps},
	booktitle = {CVPR},
	year      = {2014}
}

@ARTICLE{Hosang2015Pami,
	author = {J. Hosang and R. Benenson and P. Doll\'ar and B. Schiele},
	title = {What makes for effective detection proposals?},
	journal = {IEEE Trans. on PAMI},
	year = {2015}
}

@ARTICLE{scale_aware,
	author = {Zequn Jie and Xiaodan Liang and Jiashi Feng and Wen Feng Lu and Eng Hock Francis Tay  and Shuicheng Yan},
	title = {Scale-Aware Pixelwise Object Proposal Networks},
	journal = {IEEE Trans. on Image Processing},
	volume = {25},
	year = {2016}
}


@misc{ enwiki:1023179480,

     author = "{Wikipedia contributors}",

     title = "Logistic regression --- {Wikipedia}{,} The Free Encyclopedia",

     year = "2021",

     howpublished = "\url{https://en.wikipedia.org/w/index.php?title=Logistic_regression&oldid=1023179480}",

     note = "[Online; accessed 17-May-2021]"

}

@article{liu2018solution,
  title={A Solution to China Competitive Poker Using Deep Learning},
  author={Liu, Zhenxing and Hu, Maoyu and Zhang, Zhangfei},
  year={2018}
}

@article{brown2018superhuman,
  title={Superhuman AI for heads-up no-limit poker: Libratus beats top professionals},
  author={Brown, Noam and Sandholm, Tuomas},
  journal={Science},
  volume={359},
  number={6374},
  pages={418--424},
  year={2018},
  publisher={American Association for the Advancement of Science}
}

@article{moravvcik2017deepstack,
  title={Deepstack: Expert-level artificial intelligence in heads-up no-limit poker},
  author={Morav{\v{c}}{\'\i}k, Matej and Schmid, Martin and Burch, Neil and Lis{\`y}, Viliam and Morrill, Dustin and Bard, Nolan and Davis, Trevor and Waugh, Kevin and Johanson, Michael and Bowling, Michael},
  journal={Science},
  volume={356},
  number={6337},
  pages={508--513},
  year={2017},
  publisher={American Association for the Advancement of Science}
}

@article{you2019combinational,
  title={Combinational Q-Learning for Dou Di Zhu},
  author={You, Yang and Li, Liangwei and Guo, Baisong and Wang, Weiming and Lu, Cewu},
  journal={arXiv preprint arXiv:1901.08925},
  year={2019}
}

